@book{mathis2017human,
  title={Human Resource Management},
  author={Mathis, R.L. and Jackson, J.H. and Valentine, S. and Meglich, P.A.},
  year={2017},
  publisher={Cengage Learning}
}

@article{schmidt1998validity,
  title={The validity and utility of selection methods in personnel psychology},
  author={Schmidt, F.L. and Hunter, J.E.},
  journal={Psychological Bulletin},
  volume={124},
  number={2},
  pages={262--274},
  year={1998}
}

@article{ployhart2006staffing,
  author  = {Ployhart, R. E.},
  title   = {Staffing in the 21st Century: New Challenges and Strategic Opportunities},
  journal = {Journal of Management},
  year    = {2006},
  volume  = {32},
  number  = {6},
  pages   = {868--897},
  doi     = {10.1177/0149206306293625}
}

@article{ng2005person,
  author  = {Ng, Eddy S. W. and Burke, Ronald J.},
  title   = {Person--organization fit and the war for talent: Does diversity management make a difference?},
  journal = {The International Journal of Human Resource Management},
  year    = {2005},
  volume  = {16},
  number  = {7},
  pages   = {1195--1210},
  doi     = {10.1080/09585190500144038}
}

@article{hausknecht2009targeted,
  author  = {Hausknecht, John P. and Rodda, Jaclyn and Howard, Michael J.},
  title   = {Targeted employee retention: Performancebased and jobrelated differences in reported reasons for staying},
  journal = {Human Resource Management},
  year    = {2009},
  volume  = {48},
  number  = {2},
  pages   = {269--288},
  doi     = {10.1002/hrm.20279}
}

@article{breaugh2013employee,
  author  = {Breaugh, James A.},
  title   = {Employee recruitment},
  journal = {Annual Review of Psychology},
  year    = {2013},
  volume  = {64},
  pages   = {389--416},
  doi     = {10.1146/annurev-psych-113011-143757}
}

@online{chumbar2020crispdm,
  author    = {Chumbar, Shawn},
  title     = {The CRISP-DM Process: A Comprehensive Guide},
  year      = {2020},
  url       = {https://medium.com/@shawn.chumbar/the-crisp-dm-process-a-comprehensive-guide-4d893aecb151},
  note      = {Accessed: 2025-08-26}
}

@book{tukey1977exploratory,
  author    = {Tukey, John W.},
  title     = {Exploratory Data Analysis},
  publisher = {Addison--Wesley},
  year      = {1977},
  address   = {Reading, Massachusetts}
}

@book{deveaux2011intro,
  author    = {De Veaux, Richard D. and Velleman, Paul F. and Bock, David E.},
  title     = {Intro Stats},
  edition   = {3},
  year      = {2011},
  publisher = {Pearson Education},
  address   = {Boston}
}

@book{agresti2018statistical,
  author    = {Agresti, Alan},
  title     = {Statistical Methods for the Social Sciences},
  edition   = {5},
  year      = {2018},
  publisher = {Pearson},
  isbn      = {9780134507101},
  address   = {New York}
}

@article{jain2016feature,
  author    = {Jain, Amit Kumar and Bhandare, Shubham},
  title     = {Min Max Normalization Based Data Perturbation Method for Privacy Protection},
  journal   = {International Journal of Computer Applications},
  volume    = {136},
  number    = {5},
  pages     = {1--4},
  year      = {2016},
  publisher = {Foundation of Computer Science (FCS), NY, USA},
  doi       = {10.5120/ijca2016908569}
}

@book{hosmer2013applied,
  author    = {Hosmer, David W. and Lemeshow, Stanley and Sturdivant, Rodney X.},
  title     = {Applied Logistic Regression},
  edition   = {3},
  year      = {2013},
  publisher = {Wiley},
  isbn      = {9780470582473},
  doi       = {10.1002/9781118548387},
  address   = {Hoboken, NJ}
}

@article{breiman2001random,
  author    = {Breiman, Leo},
  title     = {Random Forests},
  journal   = {Machine Learning},
  volume    = {45},
  number    = {1},
  pages     = {5--32},
  year      = {2001},
  doi       = {10.1023/A:1010933404324},
  publisher = {Springer}
}

@misc{rabie_el_kharoua_2024,
	title={Predicting Hiring Decisions in Recruitment Data},
	url={https://www.kaggle.com/dsv/8715385},
	DOI={10.34740/KAGGLE/DSV/8715385},
	publisher={Kaggle},
	author={Rabie El Kharoua},
	year={2024}
}
